@Misc{historyofandroid,
title = {{A breif history of Android}},
note = "\url{http://reviews.cnet.com/8301-19736_7-20016542-251/a-brief-history-of-android-phones}",
}
@Misc{androidwebsite,
title = {{Android website:}},
note = "\url{http://developer.android.com/sdk/index.html}",
}
@Misc{androidfragmentation,
title = {{The pros and cons of Android fragmentation:}},
note = "\url{http://mashable.com/2012/01/03/android-fragmentation}",
}
@Misc{wifiissue,
title = {{HTC WiFi issue:}},
note = "\url{http://www.linuxfordevices.com/c/a/News/HTC-fixes-WiFi-vulnerability-on-nine-phones}",
}
@Misc{droid,
title = {{Motorola Droid:}},
note = "\url{http://en.wikipedia.org/wiki/Motorola_Droid}",
}
@Misc{Synchronizationissue,
title = {{Synchronization issue:}},
note = "\url{http://androidadvices.com/backup-android-phone-contacts-sms-computer}",
}
@Misc{timetoendfragmentation,
title = {{Google Android: It's time to end the fragmentation:}},
note = "\url{http://www.zdnet.com/blog/gadgetreviews/google-android-its-time-to-end-the-fragmentation/13279}",
}

@Misc{androidcompatibility,
title = {{On Android Compatibility:}},
note = "\url{http://android-developers.blogspot.ca/2010/05/on-android-compatibility.html}",
}

@InProceedings{labeledlda,
  author    = {Ramage, Daniel  and  Hall, David  and  Nallapati, Ramesh  and  Manning, Christopher D.},
  title     = {{Labeled LDA}: A supervised topic model for credit attribution in multi-labeled corpora},
  booktitle = {Proceedings of the 2009 Conference on Empirical Methods in Natural Language Processing},
  month     = {August},
  year      = {2009},
  address   = {Singapore},
  publisher = {Association for Computational Linguistics},
  pages     = {248--256},
}
@Misc{stmt,
title = {{Stanford Topic Modeling Toolbox:}},
howpublished = {Website},
note = "\url{http://nlp.stanford.edu/software/tmt/tmt-0.4}",
}
@INPROCEEDINGS{Marcus04aninformation,
    author = {Andrian Marcus and Andrey Sergeyev and VÃ¡clav Rajlich and Jonathan I. Maletic},
    title = {An Information Retrieval Approach to Concept Location in Source Code},
    booktitle = {In Proceedings of the 11th Working Conference on Reverse Engineering (WCRE 2004},
    year = {2004},
    pages = {214--223},
    publisher = {IEEE Computer Society},
}
@inproceedings{Asuncion:2010,
 author = {Asuncion, Hazeline U. and Asuncion, Arthur U. and Taylor, Richard N.},
 title = {Software traceability with topic modeling},
 booktitle = {Proceedings of the 32nd ACM/IEEE International Conference on Software Engineering - Volume 1},
 series = {ICSE '10},
 year = {2010},
 location = {Cape Town, South Africa},
 pages = {95--104},
 publisher = {ACM},
 address = {New York, NY, USA},
}
 
@inproceedings{Linstead:2009,
 author = {Linstead, Erik and Baldi, Pierre},
 title = {Mining the coherence of GNOME bug reports with statistical topic models},
 booktitle = {Proceedings of the 2009 6th IEEE International Working Conference on Mining Software Repositories},
 series = {MSR '09},
 year = {2009},
 pages = {99--102},
 publisher = {IEEE Computer Society},
 address = {Washington, DC, USA}
} 

@inproceedings{Thomas:2011,
 author = {Thomas, Stephen W. and Adams, Bram and Hassan, Ahmed E. and Blostein, Dorothea},
 title = {Modeling the evolution of topics in source code histories},
 booktitle = {Proceedings of the 8th Working Conference on Mining Software Repositories},
 series = {MSR '11},
 year = {2011},
 location = {Waikiki, Honolulu, HI, USA},
 pages = {173--182},
 publisher = {ACM},
 address = {New York, NY, USA}
} 

@Unpublished{Hindle,
author = {A. Hindle and C. Bird and T. Zimmernann and N. Nagappan},
title = {Relating requirements to implementation via topic analysis: do topics extracted from requirements make sense to managers and developers},
annote = {unpublished},
note = {unpublished},

}
@inproceedings{Treude:2009,
 author = {Treude, Christoph and Storey, Margaret-Anne},
 title = {ConcernLines: A timeline view of co-occurring concerns},
 booktitle = {Proceedings of the 31st International Conference on Software Engineering},
 series = {ICSE '09},
 year = {2009},
 publisher = {IEEE Computer Society},
 address = {Washington, DC, USA}
} 

@inproceedings{Bernardi:2011,
 author = {Bernardi, Mario Luca and Sementa, Carmine and Zagarese, Quirino and Distante, Damiano and Di Penta, Massimiliano},
 title = {What topics do Firefox and Chrome contributors discuss?},
 booktitle = {Proceedings of the 8th Working Conference on Mining Software Repositories},
 series = {MSR '11},
 year = {2011},
 location = {Waikiki, Honolulu, HI, USA},
 pages = {234--237},
 publisher = {ACM},
 address = {New York, NY, USA}
} 

@inproceedings{Thomas:2010,
 author = {Thomas, Stephen W. and Adams, Bram and Hassan, Ahmed E. and Blostein, Dorothea},
 title = {Validating the Use of Topic Models for Software Evolution},
 booktitle = {Proceedings of the 2010 10th IEEE Working Conference on Source Code Analysis and Manipulation},
 series = {SCAM '10},
 year = {2010},
 pages = {55--64},
 publisher = {IEEE Computer Society},
 address = {Washington, DC, USA},
} 

@INPROCEEDINGS{MSRChallenge2012,
 author={Emad Shihab and Yasutaka Kamei and Pamela Bhattacharya},
 title={Mining Challenge 2012: The Android Platform},
 booktitle={The 9th Working Conference on Mining Software Repositories},
 year={2012},
 pages={to appear}
}


@inproceedings{Hindle2011,
 author = {Hindle, Abram and Ernst, Neil A. and Godfrey, Michael W. and Mylopoulos, John},
 title = {Automated topic naming to support cross-project analysis of software maintenance activities},
 booktitle = {Proceedings of the 8th Working Conference on Mining Software Repositories},
 series = {MSR '11},
 year = {2011},
 isbn = {978-1-4503-0574-7},
 location = {Waikiki, Honolulu, HI, USA},
 pages = {163--172},
 numpages = {10},
 sillyurl = {http://doi.acm.org/10.1145/1985441.1985466},
 doi = {10.1145/1985441.1985466},
 acmid = {1985466},
 publisher = {ACM},
 address = {New York, NY, USA},
 oldnum = 9,
 keywords = {lda, non-functional requirements, topic analysis}
} 
